@book{monk,
  title={Programming Arduino},
  author={Monk, Simon},
  year={2012},
  publisher={McGraw-Hill Companies, USA}
}

@article{brock,
  title={Using Arduino for introductory programming courses},
  author={Brock, J Dean and Bruce, Rebecca F and Reiser, Susan L},
  journal={Journal of Computing Sciences in Colleges},
  volume={25},
  number={2},
  pages={129--130},
  year={2009},
  publisher={Consortium for Computing Sciences in Colleges}
}

@article{greenwade93,
    author  = "George D. Greenwade",
    title   = "The {C}omprehensive {T}ex {A}rchive {N}etwork ({CTAN})",
    year    = "1993",
    journal = "TUGBoat",
    volume  = "14",
    number  = "3",
    pages   = "342--351"
}

@article{mckittrick2015retropie,
  title={RetroPie Gaming System},
  author={McKittrick, Micah},
  year={2015},
  journal = "Symposium Of University Research and Creative Expression",
  volume = "36",
  url = "http://digitalcommons.cwu.edu/source/2015/constructedobjects/36"
}